@Article{	  babbitt61:set,
  author =       {Milton Babbitt},
  title =        {Set Structure as a Compositional Determinant},
  journal =      {Journal of Music Theory},
  year =         1961,
  volume =       5,
  pages =        {72--94},
  number =       1,
  publisher =    {Duke University Press},
  keywords =     {music harmony and theory}
}

@InProceedings{	  coutinho.ea05:computational,
  author =       {Eduardo Coutinho and Marcelo Gimenes and João M.
                  Martins and Eduardo R. Miranda},
  title =        {Computational Musicology: An Artificial Life
                  Approach},
  booktitle =    {Proceedings of the 2nd Portuguese Workshop on
                  Artificial Life and Evolutionary Algorithms
                  Workshop},
  pages =        {85-93},
  year =         2005,
  file =         {coutinho.ea05:computational.pdf},
  keywords =     {music analysis}
}

@PhDThesis{       kroger04:desenvolvendo,
  author =       {Pedro Ribeiro {Kroger Júnior}},
  title =        {Desenvolvendo uma meta-linguagem para síntese
                  sonora},
  school =       {Universidade Federal da Bahia},
  year =         2004,
  type =         {PhD Dissertation},
  address =      {Salvador, Bahia},
  month =        {Jan.},
}

@Book{		  morris87:composition,
  title =        {Composition with Pitch-classes: A Theory of
                  Compositional Design},
  publisher =    {Yale University Press},
  year =         1987,
  author =       {Robert Daniel Morris},
  address =      {New Haven}
}
